% Sources for several chapters ---------------------------------------------
@book{goldberg2017neural,
  title={Neural network methods for natural language processing},
  author={Goldberg, Yoav},
  year={2017},
  publisher={Morgan \& Claypool Publishers}
}

@misc{jurafsky2021,
  title        = "Speech and Language Processing - 3rd ed. Draft",
  author       = "{Jurafsky, Martin}",
  howpublished = "\url{https://web.stanford.edu/~jurafsky/slp3/}",
  year         = 2021,
  note         = "Accessed: 2022-04-02"
}

@misc{embedding2020pilehvar,
  title        = "Embeddings in Natural Language Processing - Draft",
  author       = "{Pilehvar, Camacho-Collados}",
  howpublished = "\url{http://josecamachocollados.com/book_embNLP_draft.pdf}",
  year         = 2020,
  note         = "Accessed: 2022-05-13"
}

@book{Goodfellow-et-al-2016,
    title={Deep Learning},
    author={Ian Goodfellow and Yoshua Bengio and Aaron Courville},
    publisher={MIT Press},
    note={\url{http://www.deeplearningbook.org}},
    year={2016},
}



% Mainly POS ---------------------------------------------------------------
@book{westpfahl2020pos,
  title={POS-Tagging f{\"u}r Transkripte gesprochener Sprache: Entwicklung einer automatisierten Wortarten-Annotation am Beispiel des Forschungs-und Lehrkorpus Gesprochenes Deutsch (FOLK)},
  author={Westpfahl, Swantje},
  volume={83},
  year={2020},
  publisher={Narr Francke Attempto Verlag}
}

@article{martinez2012part,
  title={Part-of-speech tagging},
  author={Martinez, Angel R},
  journal={Wiley Interdisciplinary Reviews: Computational Statistics},
  volume={4},
  number={1},
  pages={107--113},
  year={2012},
  publisher={Wiley Online Library}
}

@inproceedings{manning2011part,
  title={Part-of-speech tagging from 97\% to 100\%: is it time for some linguistics?},
  author={Manning, Christopher D},
  booktitle={International conference on intelligent text processing and computational linguistics},
  pages={171--189},
  year={2011},
  organization={Springer}
}

@article{schmid1994part,
  title={Part-of-speech tagging with neural networks},
  author={Schmid, Helmut},
  journal={arXiv preprint cmp-lg/9410018},
  year={1994}
}

@inproceedings{dos2014learning,
  title={Learning character-level representations for part-of-speech tagging},
  author={Dos Santos, Cicero and Zadrozny, Bianca},
  booktitle={International Conference on Machine Learning},
  pages={1818--1826},
  year={2014},
  organization={PMLR}
}

@article{earl1966part,
  title={Part-of-speech implications of affixes.},
  author={Earl, L Lois},
  journal={Mech. Transl. Comput. Linguistics},
  volume={9},
  number={2},
  pages={38--43},
  year={1966}
}

@book{greene1971automatic,
  title={Automatic grammatical tagging of English},
  author={Greene, Barbara B and Rubin, Gerald M},
  year={1971},
  publisher={Department of Linguistics, Brown University}
}




% Neural Networks ----------------------------------------------------------
@book{MinskyPerceptrons,
  title={Perceptrons},
  author={Minsky, M. and Papert, S.},
  year={1969},
  publisher={MIT Press}
}

@article{tsoi1997recurrent,
  title={Recurrent neural network architectures: an overview},
  author={Tsoi, Ah Chung},
  journal={International School on Neural Networks, Initiated by IIASS and EMFCSC},
  pages={1--26},
  year={1997},
  publisher={Springer}
}

@article{janocha2017loss,
  title={On loss functions for deep neural networks in classification},
  author={Janocha, Katarzyna and Czarnecki, Wojciech Marian},
  journal={arXiv preprint arXiv:1702.05659},
  year={2017}
}

@ARTICLE{gradient1994bengio,
    author={Bengio, Y. and Simard, P. and Frasconi, P.},
    journal={IEEE Transactions on Neural Networks}, 
    title={Learning long-term dependencies with gradient descent is difficult}, 
    year={1994},
    volume={5},
    number={2},
    pages={157-166},
    doi={10.1109/72.279181}
}

@misc{khan2019mse, 
    author = {Khan},
    title = {Why Using Mean Squared Error(MSE) Cost Function for Binary Classification is a Bad Idea?},
    year = 2019,
    url = {https://towardsdatascience.com/why-using-mean-squared-error-mse-cost-function-for-binary-classification-is-a-bad-idea-933089e90df7},
    urldate = {2022-07-05}
}




% Word embeddings ----------------------------------------------------------
@article{mikolov2013efficient,
  title={Efficient estimation of word representations in vector space},
  author={Mikolov, Tomas and Chen, Kai and Corrado, Greg and Dean, Jeffrey},
  journal={arXiv preprint arXiv:1301.3781},
  year={2013}
}

@misc{rehurek2022w2v, 
    title        = "Word2vec embeddings",
    author       = "{Řehůřek}",
    howpublished = "\url{https://radimrehurek.com/gensim/models/word2vec.html}",
    year = 2022,
    note         = "Accessed: 2022-07-05"
}

@article{alyword2vec,
  title={WORD2VEC HYPERPARAMETERS TUNING FOR EFFICIENT DEEP NEURAL NETWORK CLASSIFICATION},
  year={2021},
  author={Aly, Tasneem Gamal Abdellah Moahmmed and Omar, Nazlia}
}

@misc{karimi2021sampling, 
    author = {Karimi},
    title = {NLP’s word2vec: Negative Sampling Explained},
    year = 2021,
    url = {https://www.baeldung.com/cs/nlps-word2vec-negative-sampling},
    urldate = {2022-07-06}
}

@article{bojanowski2017enriching,
  title={Enriching word vectors with subword information},
  author={Bojanowski, Piotr and Grave, Edouard and Joulin, Armand and Mikolov, Tomas},
  journal={Transactions of the association for computational linguistics},
  volume={5},
  pages={135--146},
  year={2017},
  publisher={MIT Press}
}

@misc{rehurek2022fasttext, 
    title        = "FastText Model",
    author       = "{Řehůřek}",
    howpublished = "\url{https://radimrehurek.com/gensim/auto_examples/tutorials/run_fasttext.html#sphx-glr-auto-examples-tutorials-run-fasttext-py}",
    year = 2022,
    note         = "Accessed: 2022-07-06"
}

@misc{jain2016fasttext, 
  title        = "FastText and Gensim word embeddings",
  author       = "{Jain}",
  howpublished = "\url{https://rare-technologies.com/fasttext-and-gensim-word-embeddings/}",
  year         = 2016,
  note         = "Accessed: 2022-07-06"
}

@inproceedings{pennington2014glove,
  title={Glove: Global vectors for word representation},
  author={Pennington, Jeffrey and Socher, Richard and Manning, Christopher D},
  booktitle={Proceedings of the 2014 conference on empirical methods in natural language processing (EMNLP)},
  pages={1532--1543},
  year={2014}
}

@book{hirschle2022deep,
  title={Deep Natural Language Processing: Einstieg in Word Embedding, Sequence-to-Sequence-Modelle und Transformer mit Python},
  author={Hirschle, Jochen},
  year={2022},
  publisher={Carl Hanser Verlag GmbH Co KG}
}




% Data ---------------------------------------------------------------------
@book{kucera1967brown,
  title={Computational Analysis of Present-Day American English},
  author={Kučera, Francis},
  year={1967},
  publisher={Brown University Press}
}

@misc{brown1979manual, 
    author = {Francis, Kučera},
    title = {Brown Corpus Manual},
    year = 1979,
    url = {http://icame.uib.no/brown/bcm.html},
    urldate = {2022-07-04}
}

@book{garside1987claws,
  title = {The Computational Analysis of English: A Corpus-based Approach},
  author = {Garside},
  year={1987},
  publisher={Longman}
}

@article{marcinkiewicz1994building,
  title={Building a large annotated corpus of English: The Penn Treebank},
  author={Marcinkiewicz, Mary Ann},
  journal={Using Large Corpora},
  volume={273},
  year={1994},
  publisher={MIT Press}
}

@misc{ud2022opencom, 
    title        = "Universal Dependencies",
    author       = "{Universal-Dependency-Community}",
    howpublished = "\url{https://universaldependencies.org/}",
    year = 2022,
    note         = "Accessed: 2022-06-10"
}

@Article{Zeldes2017,
    author = {Amir Zeldes},
    title = {The {GUM} Corpus: Creating Multilayer Resources in the Classroom},
    journal = {Language Resources and Evaluation},
    year = {2017},
    volume = {51},
    number = {3},
    pages = {581--612},
    doi = {http://dx.doi.org/10.1007/s10579-016-9343-x}
}

@inproceedings{de2008stanford,
  title={The Stanford typed dependencies representation},
  author={De Marneffe, Marie-Catherine and Manning, Christopher D},
  booktitle={Coling 2008: proceedings of the workshop on cross-framework and cross-domain parser evaluation},
  pages={1--8},
  year={2008}
}

% Should be quoted using the Zeldes-Paper
%@misc{zeldes2022git, 
%    title        = "UD\_English-GUM",
%    author       = "{Zeldes}",
%    howpublished = "\url{https://github.com/UniversalDependencies/UD\_English-G%UM/blob/master/README.md}",
%    year = 2022,
%    note         = "Accessed: 2022-07-08"
%}

%@misc{zeldes2022corpling, 
%    title        = "GUM: The Georgetown University Multilayer Corpus",
%    author       = "{Zeldes}",
%    howpublished = "\url{https://corpling.uis.georgetown.edu/gum/}",
%    year = 2022,
%    note         = "Accessed: 2022-07-08"
%}


% Concerning the implementation chapters
@misc{cambridge2022prefix, 
    title        = "Prefixes",
    author       = "{Cambridge-Dictionary}",
    howpublished = "\url{https://dictionary.cambridge.org/grammar/british-grammar/prefixes}",
    year = 2022,
    note         = "Accessed: 2022-05-09"
}